@online{git,
  title = "TopSky plugin for Portugal vACC",
  url = "https://github.com/pinatacolada/topskylppc#disclamer",
}

@manual{topskygen,
  title = "TopSky plugin for EuroScope - General",
  author = "Juha Holopainen",
  year = "2022",
  url = "https://forum.vatsim-scandinavia.org/d/45-topsky-plugin-25-beta-11",
}

@manual{topskycoord,
  title = "TopSky plugin for EuroScope - Coordination",
  author = "Juha Holopainen",
  year = "2022",
  url = "https://forum.vatsim-scandinavia.org/d/45-topsky-plugin-25-beta-11",
}

@manual{toopskydl,
  title = "TopSky plugin for EuroScope - Data Link Functions",
  author = "Juha Holopainen",
  year = "2022",
  url = "https://forum.vatsim-scandinavia.org/d/45-topsky-plugin-25-beta-11",
}

@online{cdm,
  title = "CDM GitHub",
  author = "Roger Puig",
  url = "https://github.com/rpuig2001/CDM",
}

@online{eurocontrol,
  title = "A-CDM Airport collaborative decision-making",
  author = "EUROCONTROL",
  url = "https://www.eurocontrol.int/concept/airport-collaborative-decision-making",
}
