@misc{git,
  title = {{TopSky plugin for Portugal vACC}},
  howpublished = {\url{https://github.com/pinatacolada/topskylppc#disclamer}},
}
